@misc{splunk_2021_what,
  author = {Splunk},
  month = {02},
  title = {What Are Distributed Systems?},
  url = {https://www.splunk.com/en_us/data-insider/what-are-distributed-systems.html},
  year = {2021},
  organization = {Splunk}
}